


@inproceedings{huggins:2020:validated,
  title={Validated variational inference via practical posterior error bounds},
  author={Huggins, J. and Kasprzak, M. and Campbell, T. and Broderick, T.},
  booktitle={International Conference on Artificial Intelligence and Statistics},
  pages={1792--1802},
  year={2020},
  publisher =    {PMLR}
}

@InProceedings{ranganath:2014:bbvi,
  title = 	 {{Black Box Variational Inference}},
  author = 	 {Ranganath, R. and Gerrish, S. and Blei, D.},
  booktitle={International Conference on Artificial Intelligence and Statistics},
  pages = 	 {814--822},
  year = 	 {2014},
  series = 	 {Proceedings of Machine Learning Research},
  publisher =    {PMLR}
}

@article{kucukelbir:2017:advi,
  author  = {Kucukelbir, A. and Tran, D. and Ranganath, R. and Gelman, A. and Blei, D.},
  title   = "{Automatic Differentiation Variational Inference}",
  journal = {Journal of Machine Learning Research},
  year    = {2017},
  volume  = {18},
  number  = {14},
  pages   = {1-45}
}

@article{giordano:2018:covariances,
  author  = {Giordano, T. and Broderick, T. and Jordan, M.~I.},
  title   = {Covariances, Robustness, and Variational {Bayes}},
  journal = {Journal of Machine Learning Research},
  year    = {2018},
  volume  = {19},
  number  = {51},
  pages   = {1-49}
}

@unpublished{simpson:2008:lanczos,
            note = {Submitted to Scandinavian Journal of Statistics in 2008.},
          author = {Simpson, D. and Turner, I. and Pettitt, A.},
           title = {Fast sampling from a {Gaussian} {Markov} random field using {Krylov} subspace approaches},
            year = {2008}
}

@book{gelman:2006:arm,
      place={Cambridge},
      series={Analytical Methods for Social Research},
      title={Data Analysis Using Regression and
                  Multilevel/Hierarchical Models},
      DOI={10.1017/CBO9780511790942},
      publisher={Cambridge University Press},
      author={Gelman, A. and Hill, J.},
      year={2006},
      collection={Analytical Methods for Social Research}}

% adagrad
@article{duchi:2011:adagrad,
  author  = {Duchi, J. and Hazan, E. and Singer, Y.},
  title   = {Adaptive Subgradient Methods for Online Learning and Stochastic Optimization},
  journal = {Journal of Machine Learning Research},
  year    = {2011},
  volume  = {12},
  number  = {61},
  pages   = {2121-2159}
}


@Misc{rstan,
  title = {{RStan}: the {R} interface to {Stan}},
  author = {{Stan Development Team}},
  note = {R package version 2.21.2},
  year = {2020},
  url = {http://mc-stan.org/},
}

% salvatier2016probabilistic
@article{salvatier:2016:probabilistic,
  title="{Probabilistic programming in {Python} using {PyMC3}}",
  author={Salvatier, J. and Wiecki, T. and Fonnesbeck, C.},
  journal={PeerJ Computer Science},
  volume={2},
  pages={e55},
  year={2016},
  publisher={PeerJ Inc.}
}


% yes-but-did-it-work
@InProceedings{yao:2018:butdiditwork,
  title = 	 {Yes, but Did It Work? {Evaluating} Variational Inference},
  author =       {Yao, Y. and Vehtari, A. and Simpson, D. and Gelman, A.},
  booktitle = 	 {International Conference on Machine Learning},
  pages = 	 {5581--5590},
  year = 	 {2018},
  volume = 	 {80},
  series = 	 {Proceedings of Machine Learning Research},
  publisher =    {PMLR}
}


@article{heidemanns:2020:presidential,
    journal = {Harvard Data Science Review},
    doi = {10.1162/99608f92.fc62f1e1},
    number = {4},
    title = "{An Updated Dynamic {Bayesian} Forecasting Model for the {US} Presidential Election}",
    url = {https://hdsr.mitpress.mit.edu/pub/nw1dzd02},
    volume = {2},
    author = {Heidemanns, M. and Gelman, A. and Morris, G.},
    date = {2020-10-27},
    year = {2020},
    month = {10},
    day = {27},
}

@article{meager:2019:microcredit,
Author = {Meager, R.},
Title = "{Understanding the Average Impact of Microcredit Expansions: {A} {Bayesian} Hierarchical Analysis of Seven Randomized Experiments}",
Journal = {American Economic Journal: Applied Economics},
Volume = {11},
Number = {1},
Year = {2019},
Month = {January},
Pages = {57-91},
DOI = {10.1257/app.20170299}
}


@unpublished{ingram:2022:occupancy,
author  = {Ingram, M. and Vukcevic, D. and Golding, N.},
title   = {Scaling multi-species occupancy detection models to large citizen
                  science datasets},
year    = {2022},
note    = {In preparation}
}

@Inbook{kery:2009:speciesrichness,
author={Kery, M. and Royle, A.},
title="{Inference about species richness and community structure using species-specific occupancy models in the {National Swiss Breeding Bird Survey MUB}}",
series={Modeling demographic processes in marked populations},
year={2009},
publisher={Springer},
address={New York and London},
pages={639-656},
url={http://pubs.er.usgs.gov/publication/5211455}
}



% autodiff-survey
@article{baydin:2018:autodiff,
  author  = {Baydin, A. and Pearlmutter, B. and Andreyevich, A. and Siskind, J.},
  title   = "{Automatic Differentiation in Machine Learning: a Survey}",
  journal = {Journal of Machine Learning Research},
  year    = {2018},
  volume  = {18},
  number  = {153},
  pages   = {1-43}
}



@article{dhaka:2020:robuststochasticvi,
  title={Robust, accurate stochastic optimization for variational inference},
  author={Dhaka, A. and Catalina, A. and Andersen, M. and Magnusson, M. and Huggins, J. and Vehtari, A.},
  journal={Advances in Neural Information Processing Systems},
  volume={33},
  pages={10961--10973},
  year={2020}
}



@article{welandawe:2022:robustbbvi,
  title={Robust, Automated, and Accurate Black-box Variational Inference},
  author={Welandawe, M. and Andersen, M. and Vehtari, A. and Huggins, J.},
  journal={arXiv preprint arXiv:2203.15945},
  year={2022}
}



@article{agrawal:2020:advancesinbbvi,
  title={Advances in black-box {VI}: {N}ormalizing flows, importance weighting, and optimization},
  author={Agrawal, A. and Sheldon, D. and Domke, J.},
  journal={Advances in Neural Information Processing Systems},
  volume={33},
  pages={17358--17369},
  year={2020}
}


@book{vaart:2000:asymptotic,
  title={Asymptotic statistics},
  author={Van der Vaart, A.},
  volume={3},
  year={2000},
  publisher={Cambridge university press}
}


@article{mohamed:2020:mcgradients,
  title={Monte {Carlo} Gradient Estimation in Machine Learning.},
  author={Mohamed, S. and Rosca, M. and Figurnov, M. and Mnih, A.},
  journal = {Journal of Machine Learning Research},
  volume={21},
  number={132},
  pages={1--62},
  year={2020}
}


@article{zanella:2009:wisharteigen,
  title={On the marginal distribution of the eigenvalues of {Wishart} matrices},
  author={Zanella, A. and Chiani, M. and Win, M.},
  journal={IEEE Transactions on Communications},
  volume={57},
  number={4},
  pages={1050--1060},
  year={2009},
  publisher={IEEE}
}


@article{nemirovski:2009:sgdvsfixed,
  title={Robust stochastic approximation approach to stochastic programming},
  author={Nemirovski, A. and Juditsky, A. and Lan, G. and Shapiro, A.},
  journal={SIAM Journal on optimization},
  volume={19},
  number={4},
  pages={1574--1609},
  year={2009},
  publisher={SIAM}
}


@article{shapiro:2003:montecarlosampling,
  title={{Monte} {Carlo} sampling methods},
  author={Shapiro, A.},
  journal={Handbooks in operations research and management science},
  volume={10},
  pages={353--425},
  year={2003},
  publisher={Elsevier}
}


@book{shapiro:2021:lectures,
  title={Lectures on stochastic programming: {M}odeling and theory},
  author={Shapiro, A. and Dentcheva, D. and Ruszczynski, A.},
  year={2021},
  publisher={SIAM}
}

@article{kim:2015:guidetosaa,
  title={A guide to sample average approximation},
  author={Kim, S. and Pasupathy, R. and Henderson, S.},
  journal={Handbook of simulation optimization},
  pages={207--243},
  year={2015},
  publisher={Springer}
}

@article{homem:2014:montecarlosaa,
  title={{Monte Carlo} sampling-based methods for stochastic optimization},
  author={Homem-de-Mello, T. and Bayraksan, G.},
  journal={Surveys in Operations Research and Management Science},
  volume={19},
  number={1},
  pages={56--85},
  year={2014},
  publisher={Elsevier}
}


@book{dudley:2018:real,
  title={Real analysis and probability},
  author={Dudley, R.},
  year={2018},
  publisher={CRC Press}
}


@book{wainwright:2019:high,
  title={High-dimensional statistics: {A} non-asymptotic viewpoint},
  author={Wainwright, M.},
  volume={48},
  year={2019},
  publisher={Cambridge University Press}
}


@book{wellner:2013:empiricalprocesses,
  title={Weak convergence and empirical processes: {W}ith applications to statistics},
  author={Van der Vaart, A. and Wellner, J.},
  year={2013},
  publisher={Springer Science \& Business Media}
}


@article{blei:2016:variational,
  title={Variational inference: {A} review for statisticians},
  author={Blei, D. and Kucukelbir, A. and McAuliffe, J.},
  journal={Journal of the American statistical Association},
  volume={112},
  number={518},
  pages={859--877},
  year={2017},
  publisher={Taylor \& Francis}
}


@incollection{turner:2011:two,
  title={Two problems with variational expectation maximisation for time-series models},
  author={Turner, R. and Sahani, M.},
  booktitle={{Bayesian} Time Series Models},
  editor={Barber, D. and Cemgil, A.~T. and Chiappa, S.},
  publisher={Cambridge University Press},
  year={2011}
}



@book{bishop:2006:pattern,
  title={Pattern Recognition and Machine Learning},
  author={Bishop, C.},
  year={2006},
  publisher={Springer},
  address={New York},
  note={Chapter 10}
}



@inproceedings{giordano:2015:lrvb,
  title={Linear response methods for accurate covariance estimates from mean field variational {B}ayes},
  author={Giordano, R.~J. and Broderick, T. and Jordan, M.~I.},
  booktitle={Advances in Neural Information Processing Systems},
  pages={1441--1449},
  year={2015}
}



@article{royset:2013:optimalsaa,
  title={Optimal budget allocation for sample average approximation},
  author={Royset, J. and Szechtman, R.},
  journal={Operations Research},
  volume={61},
  number={3},
  pages={762--776},
  year={2013},
  publisher={INFORMS}
}


@article{stefanski:2002:mestimation,
  title={The calculus of {M}-estimation},
  author={Stefanski, L. and Boos, D.},
  journal={The American Statistician},
  volume={56},
  number={1},
  pages={29--38},
  year={2002},
  publisher={Taylor \& Francis}
}

@inproceedings{giordano:2019:swiss,
  title={A swiss army infinitesimal jackknife},
  author={Giordano, R. and Stephenson, W. and Liu, R. and Jordan, M. and Broderick, T.},
  booktitle={International Conference on Artificial Intelligence and Statistics},
  pages={1139--1147},
  year={2019},
  organization={PMLR}
}

@inproceedings{rezende:2015:flows,
  title={Variational Inference with Normalizing Flows},
  author={Rezende, D. and Mohamed, S.},
  booktitle={International Conference on Machine Learning},
  pages={1530--1538},
  year={2015}
}

@article{salvatier:2016:pymc3,
  doi = {10.7717/peerj-cs.55},
  url = {https://doi.org/10.7717/peerj-cs.55},
  year  = {2016},
  month = {apr},
  publisher = {{PeerJ}},
  volume = {2},
  pages = {e55},
  author = {Salvatier, J. and Wiecki, T. and Fonnesbeck, C.},
  title = {Probabilistic programming in Python using {PyMC}3},
  journal = {{PeerJ} Computer Science}
}


@article{hoffman:2014:nuts,
  title={The {No-U-Turn} sampler: {Adaptively} setting path lengths in Hamiltonian Monte Carlo.},
  author={Hoffman, M. and Gelman, A.},
  journal={Journal of Machine Learning Research},
  volume={15},
  number={1},
  pages={1593--1623},
  year={2014}
}


@book{wright:1999:optimization,
  title={Numerical Optimization},
  author={Wright, S. and Nocedal, J.},
  publisher={Springer Series in Operation Research and Financial Engineering},
  volume={35},
  number={67-68},
  pages={7},
  year={1999}
}

@article{hoffman:2013:stochasticvi,
  title={Stochastic variational inference},
  author={Hoffman, M. and Blei, D. and Wang, C. and Paisley, J.},
  journal={Journal of Machine Learning Research},
  year={2013}
}


@book{mackay:2003:information,
  title={Information Theory, Inference, and Learning Algorithms},
  author={MacKay, D.},
  year={2003},
  publisher={Cambridge University Press}
}

@article{giordano:2023:bnp,
  title={Evaluating Sensitivity to the Stick-Breaking Prior in Bayesian Nonparametrics (with Discussion)},
  author={Giordano, R. and Liu, R. and Jordan, M.~I. and Broderick, T.},
  journal={Bayesian Analysis},
  volume={18},
  number={1},
  pages={287--366},
  year={2023},
  publisher={International Society for Bayesian Analysis}
}


@article{wycoff:2022:sparsebayesianlasso,
  title={Sparse Bayesian Lasso via a Variable-Coefficient $\ell_1$ Penalty},
  author={Wycoff, N. and Arab, A. and Donato, K. and Singh, L.},
  journal={arXiv preprint arXiv:2211.05089},
  year={2022}
}

@article{burroni:2023:saabbvi,
  title={Sample Average Approximation for {Black-Box} {VI}},
  author={Burroni, J. and Domke, J. and Sheldon, D.},
  journal={arXiv preprint arXiv:2304.06803},
  year={2023}
}

@article{broderick:2020:automatic,
  title={An Automatic Finite-Sample Robustness Metric: {When} Can Dropping a Little Data Make a Big Difference?},
  author={Broderick, T. and Giordano, R. and Meager, R.},
  journal={arXiv preprint arXiv:2011.14999},
  year={2020}
}




@article{domke:2019:divideandcouplevi,
  title={Divide and couple: {Using} {Monte Carlo} variational objectives for posterior approximation},
  author={Domke, J. and Sheldon, D.},
  journal={Advances in Neural Information Processing Systems},
  volume={32},
  year={2019}
}


@article{domke:2018:importanceweightingvi,
  title={Importance weighting and variational inference},
  author={Domke, J. and Sheldon, D.},
  journal={Advances in Neural Information Processing Systems},
  volume={31},
  year={2018}
}

@article{regier:2017:stochasticvitrust,
  title={Fast black-box variational inference through stochastic trust-region optimization},
  author={Regier, J. and Jordan, M.~I and McAuliffe, J.},
  journal={Advances in Neural Information Processing Systems},
  volume={30},
  year={2017}
}

@book{nocedal:1999:optimization,
  title={Numerical optimization},
  author={Nocedal, J. and Wright, S.},
  year={1999},
  publisher={Springer}
}

@article{paisley:2012:variationalstochasticsearch,
  title={Variational {Bayesian} inference with stochastic search},
  author={Paisley, J. and Blei, D. and Jordan, M.~I.},
  booktitle={International Conference on Machine Learning},
  year={2012}
}

@article{margossian:2023:shrinkage,
  title={The Shrinkage-Delinkage Trade-off: {An} Analysis of Factorized Gaussian Approximations for Variational Inference},
  author={Margossian, C. and Saul, L.},
  journal={arXiv preprint arXiv:2302.09163},
  year={2023}
}

@article{zhang:2022:pathfinder,
  title={Pathfinder: {Parallel} quasi-Newton variational inference},
  author={Zhang, L. and Carpenter, B. and Gelman, A. and Vehtari, A.},
  journal={The Journal of Machine Learning Research},
  volume={23},
  number={1},
  pages={13802--13850},
  year={2022},
  publisher={JMLRORG}
}
